<?xml version="1.0" encoding="UTF-8"?><collection xmlns="http://www.loc.gov/MARC21/slim"><record><leader>00491nam--2200205-i-4500</leader><controlfield tag="001">000027618</controlfield><controlfield tag="002">20161230</controlfield><controlfield tag="005">20161230201036</controlfield><controlfield tag="008">060222s1000------------r-----000-0-fre-d</controlfield><datafield ind1=" " ind2=" " tag="040"><subfield code="a">IFIN-HH</subfield></datafield><datafield ind1=" " ind2=" " tag="041"><subfield code="a">fre</subfield></datafield><datafield ind1=" " ind2=" " tag="080"><subfield code="a">530.1</subfield></datafield><datafield ind1="1" ind2=" " tag="100"><subfield code="a">Landau, L</subfield></datafield><datafield ind1="1" ind2="0" tag="245"><subfield code="a">Mecanique</subfield><subfield code="c">L. landau, e. lifchitz</subfield></datafield><datafield ind1=" " ind2=" " tag="260"><subfield code="a">Moscou</subfield><subfield code="b">Editions Mir</subfield><subfield code="c">1980</subfield></datafield><datafield ind1=" " ind2=" " tag="300"><subfield code="a">234 p</subfield></datafield><datafield ind1=" " ind2=" " tag="490"><subfield code="a">Physique Theorique</subfield><subfield code="v">Vol.1</subfield></datafield><datafield ind1="1" ind2=" " tag="700"><subfield code="a">Lifchitz, E</subfield></datafield><datafield ind1=" " ind2=" " tag="852"><subfield code="a">44531</subfield><subfield code="c">531</subfield></datafield><datafield ind1=" " ind2=" " tag="CAT"><subfield code="a">Sys</subfield><subfield code="c">20141028</subfield><subfield code="h">174358</subfield></datafield></record></collection>